<?xml version = "1.0" encoding = "UTF-8"?>
  <collection xmlns="http://www.loc.gov/MARC21/slim"
xmlns:xsi="http://www.w3.org/2001/XMLSchema-instance"
xsi:schemaLocation="http://www.loc.gov/MARC21/slim
http://www.loc.gov/standards/marcxml/schema/MARC21slim.xsd">
    <record xmlns="http://www.loc.gov/MARC21/slim"
xmlns:xsi="http://www.w3.org/2001/XMLSchema-instance"
xsi:schemaLocation="http://www.loc.gov/MARC21/slim
http://www.loc.gov/standards/marcxml/schema/MARC21slim.xsd">
      <leader>     nai a2200505 i 4500</leader>
      <controlfield tag="001">001118449</controlfield>
      <controlfield tag="005">20200403152247.0</controlfield>
      <controlfield tag="006">m     o  d f</controlfield>
      <controlfield tag="007">cr mn|||||||||</controlfield>
      <controlfield tag="008">200403c20189999dcu x w o b  f0    2eng c</controlfield>
      <datafield tag="010" ind1=" " ind2=" ">
        <subfield code="a">2020241852</subfield>
      </datafield>
      <datafield tag="035" ind1=" " ind2=" ">
        <subfield code="a">(OCoLC)1148476100</subfield>
      </datafield>
      <datafield tag="040" ind1=" " ind2=" ">
        <subfield code="a">GPO</subfield>
        <subfield code="b">eng</subfield>
        <subfield code="e">rda</subfield>
        <subfield code="e">pn</subfield>
        <subfield code="c">GPO</subfield>
      </datafield>
      <datafield tag="042" ind1=" " ind2=" ">
        <subfield code="a">pcc</subfield>
      </datafield>
      <datafield tag="043" ind1=" " ind2=" ">
        <subfield code="a">n-us---</subfield>
      </datafield>
      <datafield tag="074" ind1=" " ind2=" ">
        <subfield code="a">0807-A-07 (online)</subfield>
      </datafield>
      <datafield tag="086" ind1="0" ind2=" ">
        <subfield code="a">LC 14.23:R 46280/</subfield>
      </datafield>
      <datafield tag="100" ind1="1" ind2=" ">
        <subfield code="a">Panangala, Sidath Viranga,</subfield>
        <subfield code="e">author.</subfield>
      </datafield>
      <datafield tag="245" ind1="1" ind2="0">
        <subfield code="a">Department of Veterans Affairs&apos; potential role in addressing the COVID-19 outbreak /</subfield>
        <subfield code="c">Sidath Viranga Panangala [and five others].</subfield>
      </datafield>
      <datafield tag="250" ind1=" " ind2=" ">
        <subfield code="a">[Library of Congress public edition].</subfield>
      </datafield>
      <datafield tag="264" ind1=" " ind2="1">
        <subfield code="a">[Washington, D.C.] :</subfield>
        <subfield code="b">Congressional Research Service,</subfield>
        <subfield code="c">2018-</subfield>
      </datafield>
      <datafield tag="300" ind1=" " ind2=" ">
        <subfield code="a">1 online resource.</subfield>
      </datafield>
      <datafield tag="310" ind1=" " ind2=" ">
        <subfield code="a">Updated irregularly</subfield>
      </datafield>
      <datafield tag="336" ind1=" " ind2=" ">
        <subfield code="a">text</subfield>
        <subfield code="b">txt</subfield>
        <subfield code="2">rdacontent</subfield>
      </datafield>
      <datafield tag="337" ind1=" " ind2=" ">
        <subfield code="a">computer</subfield>
        <subfield code="b">c</subfield>
        <subfield code="2">rdamedia</subfield>
      </datafield>
      <datafield tag="338" ind1=" " ind2=" ">
        <subfield code="a">online resource</subfield>
        <subfield code="b">cr</subfield>
        <subfield code="2">rdacarrier</subfield>
      </datafield>
      <datafield tag="490" ind1="1" ind2=" ">
        <subfield code="a">Report / Congressional Research Service ;</subfield>
        <subfield code="v">R46280</subfield>
      </datafield>
      <datafield tag="500" ind1=" " ind2=" ">
        <subfield code="a">The CRS report home page provides access to all versions published since 2018 in accordance with P.L. 115-141.</subfield>
      </datafield>
      <datafield tag="504" ind1=" " ind2=" ">
        <subfield code="a">Report includes bibliographical references.</subfield>
      </datafield>
      <datafield tag="588" ind1=" " ind2=" ">
        <subfield code="a">Description based on contents viewed on Apr. 1, 2020; title from CRS report home page.</subfield>
      </datafield>
      <datafield tag="650" ind1=" " ind2="0">
        <subfield code="a">Coronavirus infections</subfield>
        <subfield code="z">United States.</subfield>
      </datafield>
      <datafield tag="650" ind1=" " ind2="0">
        <subfield code="a">Disaster relief</subfield>
        <subfield code="z">United States.</subfield>
      </datafield>
      <datafield tag="650" ind1=" " ind2="0">
        <subfield code="a">Veterans</subfield>
        <subfield code="x">Services for</subfield>
        <subfield code="z">United States.</subfield>
      </datafield>
      <datafield tag="610" ind1="1" ind2="0">
        <subfield code="a">United States.</subfield>
        <subfield code="b">Department of Veterans Affairs.</subfield>
      </datafield>
      <datafield tag="710" ind1="2" ind2=" ">
        <subfield code="a">Library of Congress.</subfield>
        <subfield code="b">Congressional Research Service,</subfield>
        <subfield code="e">issuing body.</subfield>
      </datafield>
      <datafield tag="773" ind1="0" ind2="8">
        <subfield code="i">Contained in (work):</subfield>
        <subfield code="t">CRS reports (Library of Congress. Congressional Research Service)</subfield>
        <subfield code="w">(DLC) 2018231131</subfield>
        <subfield code="w">(OCoLC)1052784408</subfield>
      </datafield>
      <datafield tag="830" ind1=" " ind2="0">
        <subfield code="a">CRS report ;</subfield>
        <subfield code="v">R46280.</subfield>
      </datafield>
      <datafield tag="856" ind1="4" ind2="0">
        <subfield code="u">https://purl.fdlp.gov/GPO/gpo134750</subfield>
      </datafield>
      <datafield tag="856" ind1="4" ind2=" ">
        <subfield code="z">Address at time of PURL creation</subfield>
        <subfield code="u">https://crsreports.congress.gov/product/details?prodcode=R46280</subfield>
      </datafield>
      <datafield tag="994" ind1=" " ind2=" ">
        <subfield code="a">C0</subfield>
        <subfield code="b">GPO</subfield>
      </datafield>
      <datafield tag="049" ind1=" " ind2=" ">
        <subfield code="a">XZLA</subfield>
      </datafield>
      <datafield tag="922" ind1=" " ind2=" ">
        <subfield code="a">CRSREP</subfield>
      </datafield>
      <datafield tag="955" ind1=" " ind2=" ">
        <subfield code="a">bc34 20200403</subfield>
        <subfield code="b">20200403</subfield>
      </datafield>
      <datafield tag="922" ind1=" " ind2=" ">
        <subfield code="a">COVID19CORONAVIRUS</subfield>
      </datafield>
    </record>