

<record xmlns="http://www.loc.gov/MARC21/slim"
xmlns:xsi="http://www.w3.org/2001/XMLSchema-instance"
xsi:schemaLocation="http://www.loc.gov/MARC21/slim
http://www.loc.gov/standards/marcxml/schema/MARC21slim.xsd">
  <leader>     cai a2200481 i 4500</leader>
  <controlfield tag="001">001115712</controlfield>
  <controlfield tag="005">20200319102107.0</controlfield>
  <controlfield tag="006">m     o  d</controlfield>
  <controlfield tag="007">cr |||||||||||</controlfield>
  <controlfield tag="008">200228c20209999gau x w o    f0    2eng c</controlfield>
  <datafield tag="010" ind1=" " ind2=" ">
    <subfield code="a">2020230276</subfield>
  </datafield>
  <datafield tag="035" ind1=" " ind2=" ">
    <subfield code="a">(OCoLC)1142197203</subfield>
  </datafield>
  <datafield tag="040" ind1=" " ind2=" ">
    <subfield code="a">GPO</subfield>
    <subfield code="b">eng</subfield>
    <subfield code="e">rda</subfield>
    <subfield code="e">pn</subfield>
    <subfield code="c">GPO</subfield>
    <subfield code="d">GPO</subfield>
  </datafield>
  <datafield tag="042" ind1=" " ind2=" ">
    <subfield code="a">pcc</subfield>
  </datafield>
  <datafield tag="074" ind1=" " ind2=" ">
    <subfield code="a">0504-W-39 (online)</subfield>
  </datafield>
  <datafield tag="086" ind1="0" ind2=" ">
    <subfield code="a">HE 20.7068:</subfield>
  </datafield>
  <datafield tag="245" ind1="0" ind2="0">
    <subfield code="a">Coronavirus (COVID-19) /</subfield>
    <subfield code="c">Centers for Disease Control and Prevention.</subfield>
  </datafield>
  <datafield tag="247" ind1="1" ind2="0">
    <subfield code="a">2019 novel coronavirus, Wuhan, China</subfield>
    <subfield code="f">&lt;Jan. 20, 2020&gt;</subfield>
  </datafield>
  <datafield tag="247" ind1="1" ind2="0">
    <subfield code="a">2019 novel coronavirus</subfield>
    <subfield code="f">&lt;Jan. 31, 2020&gt;</subfield>
  </datafield>
  <datafield tag="247" ind1="1" ind2="0">
    <subfield code="a">Coronavirus disease 2019 (COVID-19)</subfield>
    <subfield code="f">&lt;Feb. 28, 2020&gt;</subfield>
  </datafield>
  <datafield tag="264" ind1=" " ind2="1">
    <subfield code="a">[Atlanta, Georgia] :</subfield>
    <subfield code="b">National Center for Immunization and Respiratory Diseases (NCIRD), Division of Viral Diseases</subfield>
  </datafield>
  <datafield tag="300" ind1=" " ind2=" ">
    <subfield code="a">1 online resource</subfield>
  </datafield>
  <datafield tag="310" ind1=" " ind2=" ">
    <subfield code="a">Updated irregularly</subfield>
  </datafield>
  <datafield tag="336" ind1=" " ind2=" ">
    <subfield code="a">text</subfield>
    <subfield code="b">txt</subfield>
    <subfield code="2">rdacontent</subfield>
  </datafield>
  <datafield tag="337" ind1=" " ind2=" ">
    <subfield code="a">computer</subfield>
    <subfield code="b">c</subfield>
    <subfield code="2">rdamedia</subfield>
  </datafield>
  <datafield tag="338" ind1=" " ind2=" ">
    <subfield code="a">online resource</subfield>
    <subfield code="b">cr</subfield>
    <subfield code="2">rdacarrier</subfield>
  </datafield>
  <datafield tag="362" ind1="1" ind2=" ">
    <subfield code="a">Began in January 2020?</subfield>
  </datafield>
  <datafield tag="588" ind1=" " ind2=" ">
    <subfield code="a">Description based on contents viewed March 15, 2020; title from web page.</subfield>
  </datafield>
  <datafield tag="650" ind1=" " ind2="0">
    <subfield code="a">Coronavirus infections.</subfield>
  </datafield>
  <datafield tag="650" ind1=" " ind2="0">
    <subfield code="a">Coronaviruses.</subfield>
  </datafield>
  <datafield tag="650" ind1=" " ind2="0">
    <subfield code="a">Communication in public health.</subfield>
  </datafield>
  <datafield tag="650" ind1=" " ind2="0">
    <subfield code="a">Public health surveillance.</subfield>
  </datafield>
  <datafield tag="710" ind1="2" ind2=" ">
    <subfield code="a">National Center for Immunization and Respiratory Diseases (U.S.).</subfield>
    <subfield code="b">Division of Viral Diseases,</subfield>
    <subfield code="e">issuing body.</subfield>
  </datafield>
  <datafield tag="710" ind1="2" ind2=" ">
    <subfield code="a">Centers for Disease Control and Prevention (U.S.)</subfield>
  </datafield>
  <datafield tag="856" ind1="4" ind2="0">
    <subfield code="u">https://purl.fdlp.gov/GPO/gpo132826</subfield>
  </datafield>
  <datafield tag="856" ind1="4" ind2=" ">
    <subfield code="z">Address at time of PURL creation</subfield>
    <subfield code="u">https://www.cdc.gov/coronavirus/2019-ncov/index.html</subfield>
  </datafield>
  <datafield tag="994" ind1=" " ind2=" ">
    <subfield code="a">C0</subfield>
    <subfield code="b">GPO</subfield>
  </datafield>
  <datafield tag="049" ind1=" " ind2=" ">
    <subfield code="a">GPOO</subfield>
  </datafield>
  <datafield tag="922" ind1=" " ind2=" ">
    <subfield code="a">CONSERCHANGED</subfield>
  </datafield>
  <datafield tag="955" ind1=" " ind2=" ">
    <subfield code="a">bca35 20200319</subfield>
  </datafield>
  <datafield tag="922" ind1=" " ind2=" ">
    <subfield code="a">CONSERNEW</subfield>
  </datafield>
  <datafield tag="955" ind1=" " ind2=" ">
    <subfield code="a">bca35 20200228</subfield>
    <subfield code="b">20200228</subfield>
  </datafield>
  <datafield tag="922" ind1=" " ind2=" ">
    <subfield code="a">COVID19CORONAVIRUS</subfield>
  </datafield>
</record>