

<record xmlns="http://www.loc.gov/MARC21/slim"
xmlns:xsi="http://www.w3.org/2001/XMLSchema-instance"
xsi:schemaLocation="http://www.loc.gov/MARC21/slim
http://www.loc.gov/standards/marcxml/schema/MARC21slim.xsd">
  <leader>     nam a2200409 i 4500</leader>
  <controlfield tag="001">001117516</controlfield>
  <controlfield tag="005">20200414134309.0</controlfield>
  <controlfield tag="006">m     o  d f</controlfield>
  <controlfield tag="007">cr |||||||||||</controlfield>
  <controlfield tag="008">200414s2020    gau     ob   f000 0 eng c</controlfield>
  <datafield tag="035" ind1=" " ind2=" ">
    <subfield code="a">(OCoLC)1150785528</subfield>
  </datafield>
  <datafield tag="040" ind1=" " ind2=" ">
    <subfield code="a">GPO</subfield>
    <subfield code="b">eng</subfield>
    <subfield code="e">rda</subfield>
    <subfield code="e">pn</subfield>
    <subfield code="c">GPO</subfield>
  </datafield>
  <datafield tag="042" ind1=" " ind2=" ">
    <subfield code="a">pcc</subfield>
  </datafield>
  <datafield tag="043" ind1=" " ind2=" ">
    <subfield code="a">n-us-ny</subfield>
  </datafield>
  <datafield tag="074" ind1=" " ind2=" ">
    <subfield code="a">0504 (online)</subfield>
  </datafield>
  <datafield tag="086" ind1="0" ind2=" ">
    <subfield code="a">HE 20.7002:C 81/17/NEW ROCHELLE</subfield>
  </datafield>
  <datafield tag="245" ind1="0" ind2="0">
    <subfield code="a">CDC&apos;s recommendations for the next 30 days of mitigation strategies for New Rochelle, New York (Westchester County), based on current situation with widespread COVID-19 transmission and affected health care facilities.</subfield>
  </datafield>
  <datafield tag="246" ind1="3" ind2=" ">
    <subfield code="a">Center for Disease Control and Prevention&apos;s recommendations for the next 30 days of mitigation strategies for New Rochelle, New York (Westchester County), based on current situation with widespread COVID-19 transmission and affected health care facilities</subfield>
  </datafield>
  <datafield tag="264" ind1=" " ind2="1">
    <subfield code="a">[Atlanta, GA] :</subfield>
    <subfield code="b">Department of Health &amp; Human Services, CDC,</subfield>
    <subfield code="c">[2020].</subfield>
  </datafield>
  <datafield tag="300" ind1=" " ind2=" ">
    <subfield code="a">1 online resource (5 pages)</subfield>
  </datafield>
  <datafield tag="336" ind1=" " ind2=" ">
    <subfield code="a">text</subfield>
    <subfield code="b">txt</subfield>
    <subfield code="2">rdacontent</subfield>
  </datafield>
  <datafield tag="337" ind1=" " ind2=" ">
    <subfield code="a">computer</subfield>
    <subfield code="b">c</subfield>
    <subfield code="2">rdamedia</subfield>
  </datafield>
  <datafield tag="338" ind1=" " ind2=" ">
    <subfield code="a">online resource</subfield>
    <subfield code="b">cr</subfield>
    <subfield code="2">rdacarrier</subfield>
  </datafield>
  <datafield tag="504" ind1=" " ind2=" ">
    <subfield code="a">Includes bibliographical references.</subfield>
  </datafield>
  <datafield tag="588" ind1=" " ind2=" ">
    <subfield code="a">Description based on online resource, PDF version; title from title page (CDC, viewed on Apr. 14, 2020).</subfield>
  </datafield>
  <datafield tag="650" ind1=" " ind2="0">
    <subfield code="a">Coronaviruses</subfield>
    <subfield code="z">New York (State)</subfield>
    <subfield code="z">New Rochelle.</subfield>
  </datafield>
  <datafield tag="650" ind1=" " ind2="0">
    <subfield code="a">Coronavirus infections</subfield>
    <subfield code="z">New York (State)</subfield>
    <subfield code="z">New Rochelle.</subfield>
  </datafield>
  <datafield tag="650" ind1=" " ind2="0">
    <subfield code="a">Quarantine</subfield>
    <subfield code="z">New York (State)</subfield>
    <subfield code="z">New Rochelle.</subfield>
  </datafield>
  <datafield tag="710" ind1="2" ind2=" ">
    <subfield code="a">Centers for Disease Control and Prevention (U.S.),</subfield>
    <subfield code="e">issuing body.</subfield>
  </datafield>
  <datafield tag="856" ind1="4" ind2="0">
    <subfield code="u">https://purl.fdlp.gov/GPO/gpo133971</subfield>
  </datafield>
  <datafield tag="856" ind1="4" ind2=" ">
    <subfield code="z">Address at time of PURL creation</subfield>
    <subfield code="u">https://www.cdc.gov/coronavirus/2019-ncov/downloads/New-Rochelle_Community_Mitigation.pdf</subfield>
  </datafield>
  <datafield tag="994" ind1=" " ind2=" ">
    <subfield code="a">C0</subfield>
    <subfield code="b">GPO</subfield>
  </datafield>
  <datafield tag="049" ind1=" " ind2=" ">
    <subfield code="a">XZL4</subfield>
  </datafield>
  <datafield tag="955" ind1=" " ind2=" ">
    <subfield code="a">BCS87</subfield>
  </datafield>
  <datafield tag="955" ind1=" " ind2=" ">
    <subfield code="a">bc88 20200414</subfield>
    <subfield code="b">20200414</subfield>
  </datafield>
  <datafield tag="922" ind1=" " ind2=" ">
    <subfield code="a">COVID19CORONAVIRUS</subfield>
  </datafield>
</record>