

<record xmlns="http://www.loc.gov/MARC21/slim"
xmlns:xsi="http://www.w3.org/2001/XMLSchema-instance"
xsi:schemaLocation="http://www.loc.gov/MARC21/slim
http://www.loc.gov/standards/marcxml/schema/MARC21slim.xsd">
  <leader>00000nam a22      u 4500</leader>
  <controlfield tag="001">001118327</controlfield>
  <controlfield tag="005">20200402150419.0</controlfield>
  <controlfield tag="008">200402s        xxu     r    f000 0 eng d</controlfield>
  <datafield tag="074" ind1=" " ind2=" ">
    <subfield code="a">0504 (online)</subfield>
  </datafield>
  <datafield tag="086" ind1="0" ind2=" ">
    <subfield code="a">HE 20.7002:C 81/26/CHINESE</subfield>
  </datafield>
  <datafield tag="245" ind1="0" ind2="0">
    <subfield code="a">Global health alert: coronavirus 2019 :</subfield>
    <subfield code="b">for 14 days after your trip - stay home. Monitor your health. Practice social distancing.</subfield>
  </datafield>
  <datafield tag="250" ind1=" " ind2=" ">
    <subfield code="a">Chinese edition</subfield>
  </datafield>
  <datafield tag="264" ind1=" " ind2=" ">
    <subfield code="a">Atlanta, GA :</subfield>
    <subfield code="b">United States Department of Health and Human Services, Centers for Disease Control and Prevention,</subfield>
    <subfield code="c">2020.</subfield>
  </datafield>
  <datafield tag="338" ind1=" " ind2=" ">
    <subfield code="a">online resource</subfield>
  </datafield>
  <datafield tag="500" ind1=" " ind2=" ">
    <subfield code="a">&quot;March 4, 2020&quot;</subfield>
  </datafield>
  <datafield tag="500" ind1=" " ind2=" ">
    <subfield code="a">Preliminary record: in process.</subfield>
  </datafield>
  <datafield tag="856" ind1="4" ind2="0">
    <subfield code="u">https://purl.fdlp.gov/GPO/gpo134823</subfield>
  </datafield>
  <datafield tag="856" ind1="4" ind2=" ">
    <subfield code="z">Address at time of PURL creation : https://www.cdc.gov/coronavirus/2019-ncov/images/travel-health-alert-after-travel-chinese.jpg</subfield>
  </datafield>
  <datafield tag="955" ind1=" " ind2=" ">
    <subfield code="a">BCS87</subfield>
  </datafield>
  <datafield tag="922" ind1=" " ind2=" ">
    <subfield code="a">COVID19CORONAVIRUS</subfield>
  </datafield>
</record>