

<record xmlns="http://www.loc.gov/MARC21/slim"
xmlns:xsi="http://www.w3.org/2001/XMLSchema-instance"
xsi:schemaLocation="http://www.loc.gov/MARC21/slim
http://www.loc.gov/standards/marcxml/schema/MARC21slim.xsd">
  <leader>00000nam a22      u 4500</leader>
  <controlfield tag="001">001118796</controlfield>
  <controlfield tag="005">20200409145245.0</controlfield>
  <controlfield tag="008">200409s        xxu     r    f000 0 eng d</controlfield>
  <datafield tag="074" ind1=" " ind2=" ">
    <subfield code="a">0512-A-01 (online)</subfield>
  </datafield>
  <datafield tag="086" ind1="0" ind2=" ">
    <subfield code="a">HE 22.2:C 81/2</subfield>
  </datafield>
  <datafield tag="245" ind1="0" ind2="0">
    <subfield code="a">COVID-19 emergency declaration blanket waivers for health care providers.</subfield>
  </datafield>
  <datafield tag="264" ind1=" " ind2=" ">
    <subfield code="a">Baltimore, MD :</subfield>
    <subfield code="b">United States Department of Health and Human Services, Centers for Medicare and Medicaid Services,</subfield>
    <subfield code="c">2020.</subfield>
  </datafield>
  <datafield tag="338" ind1=" " ind2=" ">
    <subfield code="a">online resources</subfield>
  </datafield>
  <datafield tag="500" ind1=" " ind2=" ">
    <subfield code="a">&quot;March 30, 2020&quot;</subfield>
  </datafield>
  <datafield tag="500" ind1=" " ind2=" ">
    <subfield code="a">Preliminary record: in process.</subfield>
  </datafield>
  <datafield tag="856" ind1="4" ind2="0">
    <subfield code="u">https://purl.fdlp.gov/GPO/gpo135538</subfield>
  </datafield>
  <datafield tag="856" ind1="4" ind2=" ">
    <subfield code="z">Address at time of PURL creation : https://www.cms.gov/files/document/summary-covid-19-emergency-declaration-waivers.pdf</subfield>
  </datafield>
  <datafield tag="955" ind1=" " ind2=" ">
    <subfield code="a">BCS87</subfield>
  </datafield>
  <datafield tag="922" ind1=" " ind2=" ">
    <subfield code="a">COVID19CORONAVIRUS</subfield>
  </datafield>
</record>